{
  "storeName": "SAKURA 駅前店",
  "totalRevenue": 27810985,
  "storeTrendDataWeekly": [
    {
      "date": "2023-W01",
      "SAKURA 駅前店": 0
    },
    {
      "date": "2023-W02",
      "SAKURA 駅前店": 0
    },
    {
      "date": "2023-W03",
      "SAKURA 駅前店": 0
    },
    {
      "date": "2023-W04",
      "SAKURA 駅前店": 0
    },
    {
      "date": "2023-W05",
      "SAKURA 駅前店": 0
    },
    {
      "date": "2023-W06",
      "SAKURA 駅前店": 0
    },
    {
      "date": "2023-W07",
      "SAKURA 駅前店": 0
    },
    {
      "date": "2023-W08",
      "SAKURA 駅前店": 0
    },
    {
      "date": "2023-W09",
      "SAKURA 駅前店": 0
    },
    {
      "date": "2023-W10",
      "SAKURA 駅前店": 0
    },
    {
      "date": "2023-W11",
      "SAKURA 駅前店": 0
    },
    {
      "date": "2023-W12",
      "SAKURA 駅前店": 0
    },
    {
      "date": "2023-W13",
      "SAKURA 駅前店": 0
    },
    {
      "date": "2023-W14",
      "SAKURA 駅前店": 0
    },
    {
      "date": "2023-W15",
      "SAKURA 駅前店": 0
    },
    {
      "date": "2023-W16",
      "SAKURA 駅前店": 0
    },
    {
      "date": "2023-W17",
      "SAKURA 駅前店": 0
    },
    {
      "date": "2023-W18",
      "SAKURA 駅前店": 0
    },
    {
      "date": "2023-W19",
      "SAKURA 駅前店": 0
    },
    {
      "date": "2023-W20",
      "SAKURA 駅前店": 0
    },
    {
      "date": "2023-W21",
      "SAKURA 駅前店": 0
    },
    {
      "date": "2023-W22",
      "SAKURA 駅前店": 0
    },
    {
      "date": "2023-W23",
      "SAKURA 駅前店": 0
    },
    {
      "date": "2023-W24",
      "SAKURA 駅前店": 0
    },
    {
      "date": "2023-W25",
      "SAKURA 駅前店": 0
    },
    {
      "date": "2023-W26",
      "SAKURA 駅前店": 0
    },
    {
      "date": "2023-W27",
      "SAKURA 駅前店": 0
    },
    {
      "date": "2023-W28",
      "SAKURA 駅前店": 0
    },
    {
      "date": "2023-W29",
      "SAKURA 駅前店": 0
    },
    {
      "date": "2023-W30",
      "SAKURA 駅前店": 0
    },
    {
      "date": "2023-W31",
      "SAKURA 駅前店": 0
    },
    {
      "date": "2023-W32",
      "SAKURA 駅前店": 0
    },
    {
      "date": "2023-W33",
      "SAKURA 駅前店": 0
    },
    {
      "date": "2023-W34",
      "SAKURA 駅前店": 0
    },
    {
      "date": "2023-W35",
      "SAKURA 駅前店": 0
    },
    {
      "date": "2023-W36",
      "SAKURA 駅前店": 0
    },
    {
      "date": "2023-W37",
      "SAKURA 駅前店": 0
    },
    {
      "date": "2023-W38",
      "SAKURA 駅前店": 0
    },
    {
      "date": "2023-W39",
      "SAKURA 駅前店": 0
    },
    {
      "date": "2023-W40",
      "SAKURA 駅前店": 0
    },
    {
      "date": "2023-W41",
      "SAKURA 駅前店": 0
    },
    {
      "date": "2023-W42",
      "SAKURA 駅前店": 0
    },
    {
      "date": "2023-W43",
      "SAKURA 駅前店": 0
    },
    {
      "date": "2023-W44",
      "SAKURA 駅前店": 0
    },
    {
      "date": "2023-W45",
      "SAKURA 駅前店": 0
    },
    {
      "date": "2023-W46",
      "SAKURA 駅前店": 0
    },
    {
      "date": "2023-W47",
      "SAKURA 駅前店": 0
    },
    {
      "date": "2023-W48",
      "SAKURA 駅前店": 0
    },
    {
      "date": "2023-W49",
      "SAKURA 駅前店": 0
    },
    {
      "date": "2023-W50",
      "SAKURA 駅前店": 0
    },
    {
      "date": "2023-W51",
      "SAKURA 駅前店": 0
    },
    {
      "date": "2023-W52",
      "SAKURA 駅前店": 0
    },
    {
      "date": "2023-W53",
      "SAKURA 駅前店": 0
    },
    {
      "date": "2024-W01",
      "SAKURA 駅前店": 0
    },
    {
      "date": "2024-W02",
      "SAKURA 駅前店": 0
    },
    {
      "date": "2024-W03",
      "SAKURA 駅前店": 0
    },
    {
      "date": "2024-W04",
      "SAKURA 駅前店": 0
    },
    {
      "date": "2024-W05",
      "SAKURA 駅前店": 0
    },
    {
      "date": "2024-W06",
      "SAKURA 駅前店": 0
    },
    {
      "date": "2024-W07",
      "SAKURA 駅前店": 0
    },
    {
      "date": "2024-W08",
      "SAKURA 駅前店": 0
    },
    {
      "date": "2024-W09",
      "SAKURA 駅前店": 0
    },
    {
      "date": "2024-W10",
      "SAKURA 駅前店": 0
    },
    {
      "date": "2024-W11",
      "SAKURA 駅前店": 0
    },
    {
      "date": "2024-W12",
      "SAKURA 駅前店": 0
    },
    {
      "date": "2024-W13",
      "SAKURA 駅前店": 0
    },
    {
      "date": "2024-W14",
      "SAKURA 駅前店": 0
    },
    {
      "date": "2024-W15",
      "SAKURA 駅前店": 0
    },
    {
      "date": "2024-W16",
      "SAKURA 駅前店": 0
    },
    {
      "date": "2024-W17",
      "SAKURA 駅前店": 0
    },
    {
      "date": "2024-W18",
      "SAKURA 駅前店": 0
    },
    {
      "date": "2024-W19",
      "SAKURA 駅前店": 0
    },
    {
      "date": "2024-W20",
      "SAKURA 駅前店": 0
    },
    {
      "date": "2024-W21",
      "SAKURA 駅前店": 0
    },
    {
      "date": "2024-W22",
      "SAKURA 駅前店": 0
    },
    {
      "date": "2024-W23",
      "SAKURA 駅前店": 0
    },
    {
      "date": "2024-W24",
      "SAKURA 駅前店": 0
    },
    {
      "date": "2024-W25",
      "SAKURA 駅前店": 0
    },
    {
      "date": "2024-W26",
      "SAKURA 駅前店": 0
    },
    {
      "date": "2024-W27",
      "SAKURA 駅前店": 0
    },
    {
      "date": "2024-W28",
      "SAKURA 駅前店": 0
    },
    {
      "date": "2024-W29",
      "SAKURA 駅前店": 0
    },
    {
      "date": "2024-W30",
      "SAKURA 駅前店": 0
    },
    {
      "date": "2024-W31",
      "SAKURA 駅前店": 0
    },
    {
      "date": "2024-W32",
      "SAKURA 駅前店": 0
    },
    {
      "date": "2024-W33",
      "SAKURA 駅前店": 0
    },
    {
      "date": "2024-W34",
      "SAKURA 駅前店": 0
    },
    {
      "date": "2024-W35",
      "SAKURA 駅前店": 0
    },
    {
      "date": "2024-W36",
      "SAKURA 駅前店": 0
    },
    {
      "date": "2024-W37",
      "SAKURA 駅前店": 0
    },
    {
      "date": "2024-W38",
      "SAKURA 駅前店": 0
    },
    {
      "date": "2024-W39",
      "SAKURA 駅前店": 0
    },
    {
      "date": "2024-W40",
      "SAKURA 駅前店": 0
    },
    {
      "date": "2024-W41",
      "SAKURA 駅前店": 0
    },
    {
      "date": "2024-W42",
      "SAKURA 駅前店": 0
    },
    {
      "date": "2024-W43",
      "SAKURA 駅前店": 0
    },
    {
      "date": "2024-W44",
      "SAKURA 駅前店": 0
    },
    {
      "date": "2024-W45",
      "SAKURA 駅前店": 0
    },
    {
      "date": "2024-W46",
      "SAKURA 駅前店": 0
    },
    {
      "date": "2024-W47",
      "SAKURA 駅前店": 0
    },
    {
      "date": "2024-W48",
      "SAKURA 駅前店": 0
    },
    {
      "date": "2024-W49",
      "SAKURA 駅前店": 0
    },
    {
      "date": "2024-W50",
      "SAKURA 駅前店": 0
    },
    {
      "date": "2024-W51",
      "SAKURA 駅前店": 0
    },
    {
      "date": "2024-W52",
      "SAKURA 駅前店": 0
    },
    {
      "date": "2024-W53",
      "SAKURA 駅前店": 0
    },
    {
      "date": "2025-W01",
      "SAKURA 駅前店": 0
    },
    {
      "date": "2025-W02",
      "SAKURA 駅前店": 0
    },
    {
      "date": "2025-W03",
      "SAKURA 駅前店": 0
    },
    {
      "date": "2025-W04",
      "SAKURA 駅前店": 0
    },
    {
      "date": "2025-W05",
      "SAKURA 駅前店": 0
    },
    {
      "date": "2025-W06",
      "SAKURA 駅前店": 0
    },
    {
      "date": "2025-W07",
      "SAKURA 駅前店": 0
    },
    {
      "date": "2025-W08",
      "SAKURA 駅前店": 0
    },
    {
      "date": "2025-W09",
      "SAKURA 駅前店": 0
    },
    {
      "date": "2025-W10",
      "SAKURA 駅前店": 0
    },
    {
      "date": "2025-W11",
      "SAKURA 駅前店": 0
    },
    {
      "date": "2025-W12",
      "SAKURA 駅前店": 0
    },
    {
      "date": "2025-W13",
      "SAKURA 駅前店": 0
    },
    {
      "date": "2025-W14",
      "SAKURA 駅前店": 0
    },
    {
      "date": "2025-W15",
      "SAKURA 駅前店": 2402685
    },
    {
      "date": "2025-W16",
      "SAKURA 駅前店": 1222299
    },
    {
      "date": "2025-W17",
      "SAKURA 駅前店": 1244077
    },
    {
      "date": "2025-W18",
      "SAKURA 駅前店": 1099410
    },
    {
      "date": "2025-W19",
      "SAKURA 駅前店": 558463
    },
    {
      "date": "2025-W20",
      "SAKURA 駅前店": 717317
    },
    {
      "date": "2025-W21",
      "SAKURA 駅前店": 757670
    },
    {
      "date": "2025-W22",
      "SAKURA 駅前店": 419863
    },
    {
      "date": "2025-W23",
      "SAKURA 駅前店": 373827
    },
    {
      "date": "2025-W24",
      "SAKURA 駅前店": 613310
    },
    {
      "date": "2025-W25",
      "SAKURA 駅前店": 809078
    },
    {
      "date": "2025-W26",
      "SAKURA 駅前店": 685278
    },
    {
      "date": "2025-W27",
      "SAKURA 駅前店": 812298
    },
    {
      "date": "2025-W28",
      "SAKURA 駅前店": 497317
    },
    {
      "date": "2025-W29",
      "SAKURA 駅前店": 660796
    },
    {
      "date": "2025-W30",
      "SAKURA 駅前店": 366462
    },
    {
      "date": "2025-W31",
      "SAKURA 駅前店": 593573
    },
    {
      "date": "2025-W32",
      "SAKURA 駅前店": 504135
    },
    {
      "date": "2025-W33",
      "SAKURA 駅前店": 418813
    },
    {
      "date": "2025-W34",
      "SAKURA 駅前店": 686387
    },
    {
      "date": "2025-W35",
      "SAKURA 駅前店": 631210
    },
    {
      "date": "2025-W36",
      "SAKURA 駅前店": 347759
    },
    {
      "date": "2025-W37",
      "SAKURA 駅前店": 549198
    },
    {
      "date": "2025-W38",
      "SAKURA 駅前店": 812663
    },
    {
      "date": "2025-W39",
      "SAKURA 駅前店": 823327
    },
    {
      "date": "2025-W40",
      "SAKURA 駅前店": 669609
    },
    {
      "date": "2025-W41",
      "SAKURA 駅前店": 802790
    },
    {
      "date": "2025-W42",
      "SAKURA 駅前店": 408939
    },
    {
      "date": "2025-W43",
      "SAKURA 駅前店": 617608
    },
    {
      "date": "2025-W44",
      "SAKURA 駅前店": 942503
    },
    {
      "date": "2025-W45",
      "SAKURA 駅前店": 927761
    },
    {
      "date": "2025-W46",
      "SAKURA 駅前店": 895296
    },
    {
      "date": "2025-W47",
      "SAKURA 駅前店": 1042434
    },
    {
      "date": "2025-W48",
      "SAKURA 駅前店": 878841
    },
    {
      "date": "2025-W49",
      "SAKURA 駅前店": 692002
    },
    {
      "date": "2025-W50",
      "SAKURA 駅前店": 1178350
    },
    {
      "date": "2025-W51",
      "SAKURA 駅前店": 1086092
    },
    {
      "date": "2025-W52",
      "SAKURA 駅前店": 958648
    },
    {
      "date": "2025-W53",
      "SAKURA 駅前店": 81576
    },
    {
      "date": "2026-W01",
      "SAKURA 駅前店": 1392967
    },
    {
      "date": "2026-W02",
      "SAKURA 駅前店": 1071488
    },
    {
      "date": "2026-W03",
      "SAKURA 駅前店": 707443
    },
    {
      "date": "2026-W04",
      "SAKURA 駅前店": 680786
    },
    {
      "date": "2026-W05",
      "SAKURA 駅前店": 308265
    }
  ],
  "storeTrendDataMonthly": [
    {
      "date": "2023-01",
      "SAKURA 駅前店": 0
    },
    {
      "date": "2023-02",
      "SAKURA 駅前店": 0
    },
    {
      "date": "2023-03",
      "SAKURA 駅前店": 0
    },
    {
      "date": "2023-04",
      "SAKURA 駅前店": 0
    },
    {
      "date": "2023-05",
      "SAKURA 駅前店": 0
    },
    {
      "date": "2023-06",
      "SAKURA 駅前店": 0
    },
    {
      "date": "2023-07",
      "SAKURA 駅前店": 0
    },
    {
      "date": "2023-08",
      "SAKURA 駅前店": 0
    },
    {
      "date": "2023-09",
      "SAKURA 駅前店": 0
    },
    {
      "date": "2023-10",
      "SAKURA 駅前店": 0
    },
    {
      "date": "2023-11",
      "SAKURA 駅前店": 0
    },
    {
      "date": "2023-12",
      "SAKURA 駅前店": 0
    },
    {
      "date": "2024-01",
      "SAKURA 駅前店": 0
    },
    {
      "date": "2024-02",
      "SAKURA 駅前店": 0
    },
    {
      "date": "2024-03",
      "SAKURA 駅前店": 0
    },
    {
      "date": "2024-04",
      "SAKURA 駅前店": 0
    },
    {
      "date": "2024-05",
      "SAKURA 駅前店": 0
    },
    {
      "date": "2024-06",
      "SAKURA 駅前店": 0
    },
    {
      "date": "2024-07",
      "SAKURA 駅前店": 0
    },
    {
      "date": "2024-08",
      "SAKURA 駅前店": 0
    },
    {
      "date": "2024-09",
      "SAKURA 駅前店": 0
    },
    {
      "date": "2024-10",
      "SAKURA 駅前店": 0
    },
    {
      "date": "2024-11",
      "SAKURA 駅前店": 0
    },
    {
      "date": "2024-12",
      "SAKURA 駅前店": 0
    },
    {
      "date": "2025-01",
      "SAKURA 駅前店": 0
    },
    {
      "date": "2025-02",
      "SAKURA 駅前店": 0
    },
    {
      "date": "2025-03",
      "SAKURA 駅前店": 0
    },
    {
      "date": "2025-04",
      "SAKURA 駅前店": 4869061
    },
    {
      "date": "2025-05",
      "SAKURA 駅前店": 3382459
    },
    {
      "date": "2025-06",
      "SAKURA 駅前店": 2500801
    },
    {
      "date": "2025-07",
      "SAKURA 駅前店": 2539010
    },
    {
      "date": "2025-08",
      "SAKURA 駅前店": 2708737
    },
    {
      "date": "2025-09",
      "SAKURA 駅前店": 2507447
    },
    {
      "date": "2025-10",
      "SAKURA 駅前店": 2766390
    },
    {
      "date": "2025-11",
      "SAKURA 駅前店": 4358026
    },
    {
      "date": "2025-12",
      "SAKURA 駅前店": 4157733
    },
    {
      "date": "2026-01",
      "SAKURA 駅前店": 4160949
    }
  ],
  "seriesKeys": [
    "SAKURA 駅前店"
  ],
  "revenueSparkline": [
    {
      "value": 0
    },
    {
      "value": 0
    },
    {
      "value": 4869061
    },
    {
      "value": 3382459
    },
    {
      "value": 2500801
    },
    {
      "value": 2539010
    },
    {
      "value": 2708737
    },
    {
      "value": 2507447
    },
    {
      "value": 2766390
    },
    {
      "value": 4358026
    },
    {
      "value": 4157733
    },
    {
      "value": 4160949
    }
  ],
  "topProducts": [
    {
      "rank": 1,
      "name": "ワンピース",
      "value": 9352979
    },
    {
      "rank": 2,
      "name": "ニット",
      "value": 5545017
    },
    {
      "rank": 3,
      "name": "その他",
      "value": 4513012
    },
    {
      "rank": 4,
      "name": "スカート",
      "value": 4197881
    },
    {
      "rank": 5,
      "name": "コート",
      "value": 2230646
    },
    {
      "rank": 6,
      "name": "ジャケット",
      "value": 1971450
    }
  ],
  "productRankAtStore": [
    {
      "storeName": "ワンピース",
      "revenue": 9352979
    },
    {
      "storeName": "ニット",
      "revenue": 5545017
    },
    {
      "storeName": "その他",
      "revenue": 4513012
    },
    {
      "storeName": "スカート",
      "revenue": 4197881
    },
    {
      "storeName": "コート",
      "revenue": 2230646
    },
    {
      "storeName": "ジャケット",
      "revenue": 1971450
    }
  ],
  "employeesAtStore": [
    {
      "staffName": "小林 優子",
      "totalRevenue": 41145567,
      "topProducts": "ワンピース: ¥13,318,171; ニット: ¥5,785,995; スカート: ¥5,435,250; その他: ¥5,093,533; コート: ¥2,884,432"
    },
    {
      "staffName": "藤原 香織",
      "totalRevenue": 32860351,
      "topProducts": "ワンピース: ¥10,620,217; ニット: ¥5,095,174; その他: ¥4,409,142; スカート: ¥3,932,949; コート: ¥2,057,677"
    },
    {
      "staffName": "藤井 優子",
      "totalRevenue": 17591084,
      "topProducts": "ワンピース: ¥5,847,301; ニット: ¥2,503,992; スカート: ¥2,390,815; その他: ¥1,698,280; ジャケット: ¥1,254,208"
    },
    {
      "staffName": "石川 陽子",
      "totalRevenue": 5945357,
      "topProducts": "ワンピース: ¥1,489,204; その他: ¥1,055,479; ニット: ¥959,727; スカート: ¥622,029; コート: ¥538,889"
    },
    {
      "staffName": "森 香織",
      "totalRevenue": 5869926,
      "topProducts": "ワンピース: ¥1,434,366; ニット: ¥947,520; その他: ¥893,130; スカート: ¥827,444; コート: ¥390,668"
    },
    {
      "staffName": "森 美咲",
      "totalRevenue": 5617745,
      "topProducts": "ワンピース: ¥1,845,449; ニット: ¥843,488; その他: ¥829,475; スカート: ¥595,055; コート: ¥354,837"
    },
    {
      "staffName": "鈴木 香織",
      "totalRevenue": 4565977,
      "topProducts": "ワンピース: ¥1,770,163; スカート: ¥808,922; ニット: ¥731,525; その他: ¥465,406; ブラウス: ¥171,678"
    },
    {
      "staffName": "藤原 真由美",
      "totalRevenue": 4305999,
      "topProducts": "ワンピース: ¥1,418,221; その他: ¥692,876; ニット: ¥683,083; スカート: ¥419,463; コート: ¥365,701"
    },
    {
      "staffName": "村上 香織",
      "totalRevenue": 2388373,
      "topProducts": "ワンピース: ¥864,504; ニット: ¥367,712; その他: ¥253,140; ジャケット: ¥213,568; スカート: ¥207,450"
    },
    {
      "staffName": "吉田 大輔",
      "totalRevenue": 2270709,
      "topProducts": "ワンピース: ¥629,048; ニット: ¥432,934; スカート: ¥361,102; コート: ¥166,519; その他: ¥156,625"
    },
    {
      "staffName": "横山 大輔",
      "totalRevenue": 1785736,
      "topProducts": "ワンピース: ¥393,305; スカート: ¥340,002; ニット: ¥330,341; その他: ¥164,970; ジャケット: ¥147,335"
    },
    {
      "staffName": "中川 香織",
      "totalRevenue": 1773141,
      "topProducts": "ワンピース: ¥602,392; その他: ¥289,734; ニット: ¥272,008; スカート: ¥171,353; ブラウス: ¥122,152"
    },
    {
      "staffName": "岡田 香織",
      "totalRevenue": 1550631,
      "topProducts": "ワンピース: ¥427,738; ニット: ¥238,114; その他: ¥177,267; スカート: ¥156,308; コート: ¥132,100"
    },
    {
      "staffName": "橋本 健一",
      "totalRevenue": 546260,
      "topProducts": "ニット: ¥134,100; ワンピース: ¥116,681; ジャケット: ¥89,870; その他: ¥65,047; スカート: ¥42,000"
    },
    {
      "staffName": "藤田 恵子",
      "totalRevenue": 452612,
      "topProducts": "ニット: ¥116,612; コート: ¥88,947; その他: ¥75,560; ワンピース: ¥69,800; スカート: ¥50,874"
    },
    {
      "staffName": "長谷川 香織",
      "totalRevenue": 379575,
      "topProducts": "ワンピース: ¥136,100; シャツ: ¥47,900; ブーツ: ¥32,000; ニット: ¥28,245; スカート: ¥27,770"
    },
    {
      "staffName": "藤井 大輔",
      "totalRevenue": 201242,
      "topProducts": "ジャケット: ¥50,650; ニット: ¥39,426; その他: ¥38,823; ワンピース: ¥34,000; ブーツ: ¥14,648"
    },
    {
      "staffName": "佐々木 浩二",
      "totalRevenue": 147250,
      "topProducts": "その他: ¥80,450; コート: ¥29,796; ニット: ¥19,004; ブーツ: ¥18,000"
    },
    {
      "staffName": "前田 大輔",
      "totalRevenue": 64100,
      "topProducts": "ニット: ¥42,100; コート: ¥22,000"
    }
  ]
}